<record><leader>00000cas a2200000 a 4500</leader><controlfield tag="001">14767397</controlfield><controlfield tag="008">861119d18431862nyudr ne      0    0eng c</controlfield><datafield ind1=" " ind2=" " tag="010"><subfield code="a">sn 87080535 </subfield></datafield><datafield ind1=" " ind2=" " tag="040"><subfield code="a">NPH</subfield><subfield code="b">eng</subfield><subfield code="c">NPH</subfield><subfield code="d">NSD</subfield><subfield code="d">NYS</subfield><subfield code="d">NVF</subfield><subfield code="d">FUG</subfield><subfield code="d">NVF</subfield><subfield code="d">DLC</subfield><subfield code="d">NVK</subfield><subfield code="d">OCL</subfield><subfield code="d">OCLCQ</subfield><subfield code="d">NYS</subfield><subfield code="d">OCLCG</subfield><subfield code="d">DLC</subfield><subfield code="d">OCLCQ</subfield><subfield code="d">OCLCF</subfield><subfield code="d">OCLCO</subfield></datafield><datafield ind1=" " ind2=" " tag="042"><subfield code="a">pcc</subfield></datafield><datafield ind1=" " ind2=" " tag="043"><subfield code="a">n-us-ny</subfield></datafield><datafield ind1="0" ind2="0" tag="050"><subfield code="a">Newspaper</subfield></datafield><datafield ind1="0" ind2="4" tag="245"><subfield code="a">The Tribune's evening edition.</subfield></datafield><datafield ind1="3" ind2="0" tag="246"><subfield code="a">Extra evening tribune</subfield></datafield><datafield ind1="1" ind2=" " tag="246"><subfield code="i">Published as the:</subfield><subfield code="a">Evening tribune</subfield><subfield code="f">&lt;Sept. 6, 1843&gt;</subfield></datafield><datafield ind1="1" ind2=" " tag="246"><subfield code="i">Published as the:</subfield><subfield code="a">New-York daily tribune evening edition</subfield><subfield code="f">&lt;Jan. 3, 1848&gt;-&lt;July 5, 1849&gt;</subfield></datafield><datafield ind1=" " ind2=" " tag="260"><subfield code="a">New-York [N.Y.] :</subfield><subfield code="b">Greeley &amp; McElrath,</subfield><subfield code="c">-1862.</subfield></datafield><datafield ind1=" " ind2=" " tag="300"><subfield code="a">v. ;</subfield><subfield code="c">28 cm.</subfield></datafield><datafield ind1=" " ind2=" " tag="310"><subfield code="a">Daily</subfield></datafield><datafield ind1="1" ind2=" " tag="362"><subfield code="a">Began in 1843?</subfield></datafield><datafield ind1="0" ind2=" " tag="362"><subfield code="a">-v. 22, no. 6560 (Apr. 14, 1862).</subfield></datafield><datafield ind1=" " ind2=" " tag="500"><subfield code="a">Has occasional extra edition called: Extra evening tribune, &lt;1861&gt;.</subfield></datafield><datafield ind1=" " ind2=" " tag="530"><subfield code="a">Available on microfilm from Recordak.</subfield></datafield><datafield ind1=" " ind2=" " tag="588"><subfield code="a">Description based on: Vol. 3, no. 128 (Sept. 6, 1843)=whole no. 749.</subfield></datafield><datafield ind1=" " ind2="0" tag="651"><subfield code="a">New York (N.Y.)</subfield><subfield code="v">Newspapers.</subfield></datafield><datafield ind1=" " ind2="0" tag="651"><subfield code="a">New York County (N.Y.)</subfield><subfield code="v">Newspapers.</subfield></datafield><datafield ind1=" " ind2="7" tag="655"><subfield code="a">Newspapers.</subfield><subfield code="2">fast</subfield><subfield code="0">(OCoLC)fst01423814</subfield></datafield><datafield ind1=" " ind2="7" tag="651"><subfield code="a">New York (State)</subfield><subfield code="z">New York.</subfield><subfield code="2">fast</subfield><subfield code="0">(OCoLC)fst01204333</subfield></datafield><datafield ind1=" " ind2="7" tag="651"><subfield code="a">New York (State)</subfield><subfield code="z">New York County.</subfield><subfield code="2">fast</subfield><subfield code="0">(OCoLC)fst01234953</subfield></datafield><datafield ind1="1" ind2=" " tag="700"><subfield code="a">Greeley, Horace,</subfield><subfield code="d">1811-1872.</subfield></datafield><datafield ind1=" " ind2=" " tag="752"><subfield code="a">United States</subfield><subfield code="b">New York</subfield><subfield code="c">New York</subfield><subfield code="d">New York.</subfield></datafield><datafield ind1="0" ind2=" " tag="775"><subfield code="t">New-York daily tribune</subfield><subfield code="w">(DLC)sn 83030213</subfield><subfield code="w">(OCoLC)9388331</subfield></datafield><datafield ind1="0" ind2=" " tag="775"><subfield code="t">New-York semi-weekly tribune (New York, N.Y. : 1853)</subfield><subfield code="w">(DLC)sn 85025982</subfield><subfield code="w">(OCoLC)12001912</subfield></datafield><datafield ind1="0" ind2=" " tag="775"><subfield code="t">New-York weekly tribune</subfield><subfield code="x">1052-7389</subfield><subfield code="w">(DLC)sn 83030280</subfield><subfield code="w">(OCoLC)4899480</subfield></datafield><datafield ind1="0" ind2="0" tag="785"><subfield code="t">Evening edition</subfield><subfield code="w">(DLC)sn 87080534</subfield><subfield code="w">(OCoLC)14767355</subfield></datafield></record>